% Encoding: UTF-8

@Article{scbib2,
  author   = {Belonozhko, D. F. and \textbf{Ochirov}, \textbf{A. A.}},
  title    = {On wave mass transfer along charged surface blown by dielectric medium},
  journal  = {Surface Engineering and Applied Electrochemistry},
  year     = {2016},
  volume   = {50},
  number   = {4},
  pages    = {317--322},
  language = {english},
}

@Article{scbib1,
  author   = {Belonozhko, D. F. and \textbf{Ochirov}, \textbf{A. A.}},
  title    = {On the drift properties of a wave packet propagating along a charged surface of a liquid},
  journal  = {Surface Engineering and Applied Electrochemistry},
  year     = {2014},
  volume   = {52},
  number   = {1},
  pages    = {92--98},
  language = {english},
}

@Comment{jabref-meta: databaseType:bibtex;}
