% Encoding: UTF-8

@Article{vakbib1,
  author   = {Белоножко, Д. Ф. and \textbf{Очиров}, \textbf{А. А.} and Посудников, О. В.},
  title    = {О закономерностях переноса частиц поверхностно-активного вещества капиллярно-гравитационными волнами},
  journal  = {Вестник Нижегородского университета им. Н.И.~Лобачевского},
  year     = {2011},
  volume   = {4},
  number   = {5},
  pages    = {2010--2012},
  language = {russian},
}

@Article{vakbib2,
  author   = {Белоножко, Д. Ф. and \textbf{Очиров}, \textbf{А.} \textbf{А.}},
  title    = {О взаимном влиянии волнового движения и характера распределения поверхностно-активного вещества},
  journal  = {Известия Российской академии наук. Серия физическая.},
  year     = {2018},
  volume   = {82},
  number   = {1},
  pages    = {47--51},
  language = {russian},
}

@Article{vakbib3,
  author   = {Белоножко, Д. Ф. and \textbf{Очиров}, \textbf{А. А.}},
  title    = {О дрейфовом течении вблизи горизонтальной поверхности раздела двух жидкостей в условиях реализации неустойчивости Кельвина-Гельмгольца},
  journal  = {Динамические системы},
  year     = {2015},
  volume   = {5(33)},
  number   = {3--4},
  pages    = {215--223},
  language = {russian},
}

@Article{vakbib4,
  author   = {Белоножко, Д. Ф. and \textbf{Очиров}, \textbf{А. А.}},
  title    = {О массопереносе, порожденном волновым возмущением поверхности тангенциального разрыва поля скоростей},
  journal  = {Журнал технической физики},
  year     = {2018},
  volume   = {88},
  number   = {5},
  pages    = {675--683},
  language = {russian},
}

@Article{vakbib5,
  author   = {\textbf{Очиров}, \textbf{А.} \textbf{А.}},
  title    = {О массопереносе, вызванном распространением волнового пакета по границе раздела жидких сред},
  journal  = {Учен. зап. физ. фак-та Моск. ун-та.},
  year     = {2018},
  number   = {6},
  language = {russian},
}

@Article{vakbib6,
  author   = {\textbf{Очиров}, \textbf{А. А.} and Белоножко, Д. Ф.},
  title    = {О взаимном влиянии дрейфа Стокса инеустойчивости Кельвина-Гельмгольца},
  journal  = {Динамические системы},
  year     = {2018},
  volume   = {8 (36)},
  number   = {2},
  pages    = {149--157},
  language = {russian},
}

@Article{vakbib7,
  author  = {\textbf{Очиров}, \textbf{А. А.} and Белоножко, Д. Ф.},
  title   = {О дрейфовых свойствах волнового пакета Стокса, распространяющегося по электрически заряженной границе раздела жидких сред},
  journal = {Учен. зап. физ. фак-та Моск. ун-та.},
  year    = {2019},
  number  = {5},
}

@Comment{jabref-meta: databaseType:bibtex;}
