% Encoding: UTF-8

@Conference{conf1,
  author       = {Белоножко, Д. Ф. and \textbf{Очиров}, \textbf{А. А.}},
  title        = {Об одном механизме генерации поверхностного электрического тока на заряженной поверхности жидкости},
  booktitle    = {Волновая электрогидродинамика проводящей жидкости. Долгоживущие плазменные образования и малоизученные формы естественных электрических разрядов в атмосфере. Материалы VIII Международной конференции. Ярославль. 4-8 июня 2009 г.},
  year         = {2009},
  editor       = {Григорьева, А. И.},
  pages        = {146--150},
  address      = {Ярославль},
  organization = {Яросл. гос. ун-т им.~П.Г.~Демидова},
  publisher    = {ЯрГУ},
}

@Conference{conf2,
  author    = {Белоножко, Д. Ф. and \textbf{Очиров}, \textbf{А. А.} and Посудников, О. В.},
  title     = {Об оценке значения поверхностного электрического тока на возмущенной волновым движением заряженной поверхности жидкости.},
  booktitle = {Современные проблемы электрофизики и электродинамики жидкостей. Сб. докл. IX Междунар. конф. 22-26 июня 2009 г. Санкт-Петербург.},
  year      = {2009},
  pages     = {15--17},
  address   = {СПб.},
  publisher = {СОЛО},
}

@Conference{conf3,
  author       = {Белоножко, Д. Ф. and \textbf{Очиров}, \textbf{А. А.}},
  title        = {Дрейф в идеальной жидкости, вызванный распространением волнового пакета по ее заряженной свободной поверхности},
  booktitle    = {Волновая электрогидродинамика проводящей жидкости. Долгоживущие плазменные образования и малоизученные формы естественных электрических разрядов в атмосфере. Материалы X Международной конференции. Ярославль. 4-8 июля 2013 г.},
  year         = {2013},
  editor       = {Григорьева, А. И.},
  pages        = {??--??},
  address      = {Ярославль},
  organization = {Яросл. гос. ун-т им.~П.Г.~Демидова},
  publisher    = {ЯрГУ},
}

@Conference{conf4,
  author       = {\textbf{Очиров}, \textbf{А. А.}},
  title        = {О совместном влиянии ветра и поверхностного электрического заряда на перенос вещества нелинейными волнами},
  booktitle    = {Путь в науку. Физика: Материалы II Международной молодежной научно-практической конференции},
  year         = {2014},
  editor       = {Зимина, С. П.},
  pages        = {42},
  address      = {Ярославль},
  organization = {ЯрГУ},
  publisher    = {ЯрГУ},
}

@Conference{conf5,
  author       = {Белоножко, Д. Ф. and \textbf{Очиров}, \textbf{А. А.} and Плевин, И. А.},
  title        = {О совместном влиянии ветра и поверхностного электрического заряда на перенос вещества в идеальной жидкости},
  booktitle    = {Шестьдесят седьмая региональная научно-техническая конференция студентов, магистрантов и аспирантов высших учебных заведений с международным участием. 23 апреля 2014г., Ярославль: Ч.1 : тез. Докл. [электронный ресурс].},
  year         = {2014},
  pages        = {376},
  address      = {Ярославль},
  organization = {ЯГТУ},
  publisher    = {Изд-во ЯГТУ},
}

@Conference{conf6,
  author       = {Белоножко, Д. Ф. and \textbf{Очиров}, \textbf{А. А.}},
  title        = {О переносе вещества вдоль границы жидких сред при совместной реализации неустойчивостей Кельвина-Гельмгольца и Тонкса-Френкеля},
  booktitle    = {Дисперсные системы: материалы XXVI международной научной конференции, 22 – 26 сентября 2014 г.},
  year         = {2014},
  pages        = {148--150},
  address      = {Одесса},
  organization = {«Одесский национальный университет имени И.И. Мечникова».},
  publisher    = {«Одесский национальный университет имени И.И. Мечникова».},
}

@Conference{conf7,
  author    = {Белоножко, Д. Ф. and \textbf{Очиров}, \textbf{А. А.}},
  title     = {О перераспределении поверхностно-активного вещества при волновом возмущении заряженной поверхности жидкости},
  booktitle = {Современные проблемы электрофизики и электрогидродинамики. Сборник докладов XI Международной конференции 29 июня – 3 июля 2015 года. Санкт-Петербург.},
  year      = {2015},
  pages     = {241--243},
  address   = {СПб},
  publisher = {ИД «Петроградский»},
}

@Conference{conf8,
  author       = {Белоножко, Д. Ф. and \textbf{Очиров}, \textbf{А. А.}},
  title        = {О характере движения частичек жидкости около заряженной границы раздела двух сред},
  booktitle    = {Волновая электрогидродинамика проводящей жидкости. Долгоживущие плазменные образования и малоизученные формы естественных электрических разрядов в атмосфере: материалы XI Международной научной конференции (4 – 7 июля 2015 г., Ярославль)},
  year         = {2015},
  pages        = {90--93},
  address      = {Ярославль},
  organization = {Яросл. гос. университет им.~П.Г.~Демидова},
}

@Conference{conf9,
  author    = {\textbf{Очиров}, \textbf{А. А.} and Белоножко, Д. Ф.},
  title     = {Нелинейные волны на границе раздела несмешивающихся жидкостей и траектории жидких частиц},
  booktitle = {ХI Всероссийский съезд по фундаментальным проблемам теоретической и прикладной механики.},
  year      = {2015},
  pages     = {2879--2881},
}

@Conference{conf10,
  author    = {Белоножко, Д. Ф. and \textbf{Очиров}, \textbf{А. А.}},
  title     = {О поведении жидких частиц, участвующих в волновом движении границы раздела двух движущихся несмешивающихся жидкостей},
  booktitle = {Труды школы-семинара «Волны – 2016». Гидродинамические волны и течения},
  year      = {2016},
  pages     = {30--33},
}

@Conference{conf11,
  author       = {Белоножко, Д. Ф. and \textbf{Очиров}, \textbf{А. А.}},
  title        = {Об одном свойстве неустойчивости Кельвина-Гельмгольца},
  booktitle    = {Состав атмосферы. Атмосферное электричество. Климатические процессы. Тезисы докладов ХХI Всероссийской школы-конференции молодых ученых},
  year         = {2017},
  pages        = {77--78},
  address      = {Ярославль},
  organization = {Геофизическая обсерватория «Борок» – филиал Института физики Земли им. О.Ю. Шмидта},
  publisher    = {Филигрань},
}

@Conference{conf12,
  author    = {Белоножко, Д. Ф. and \textbf{Очиров}, \textbf{А. А.}},
  title     = {О распределении поверхностно-активного вещества вдоль профиля капиллярно-гравитационной волны},
  booktitle = {Труды школы-семинара «Волны – 2017». Волновые процессы в неоднородных средах},
  year      = {2017},
  pages     = {25--27},
}

@Conference{conf13,
  author    = {\textbf{Очиров}, \textbf{А. А.}},
  title     = {О движении жидких частиц при распространении волнового пакета по свободной поверхности жидкости},
  booktitle = {Труды школы-семинара «Волны – 2018». Гидродинамические волны и течения},
  year      = {2018},
  pages     = {14--17},
}

@Conference{conf14,
  author       = {\textbf{Очиров}, \textbf{А. А.} and Белоножко, Д. Ф.},
  title        = {О динамике индивидуальных жидких частиц на начальных этапах развития неустойчивости Кельвина-Гельмгольца},
  booktitle    = {Международная конференция «Динамические системы в науке и технологиях» (DSST-2018):тез. Докл.; Алушта, 17-21 сентября 2018 г.},
  year         = {2018},
  editor       = {Анашкина, О. В.},
  pages        = {75--76},
  address      = {Симферополь},
  organization = {Крымский федеральный университет им. В.И. Вернандского},
  publisher    = {ИП Корниенко А.А.},
}

@Conference{conf15,
  author    = {\textbf{Ochirov}, \textbf{A. A.} and Belonozhko, D. F.},
  title     = {About liquid particle motion near charged interface between conductive and dielectric liquids},
  booktitle = {Современные проблемы электрофизики и электрогидродинамики. Сборник докладов XI Международной конференции 29 июня – 3 июля 2015 года. Санкт-Петербург.},
  year      = {2015},
  pages     = {281--283},
  address   = {СПб},
  publisher = {ИД «Петроградский»},
}

@Conference{conf16,
  author       = {\textbf{Очиров}, \textbf{А. А.}},
  title        = {О влиянии дрейфовых движений на перераспределение ПАВ вдоль поверхности жидкости},
  booktitle    = {ФИЗИКА, ТЕХНИКА И ТЕХНОЛОГИЯ СЛОЖНЫХ СИСТЕМ. Тезисы докладов Всероссийской с международным участием молодежной научно-практической конференции},
  year         = {2019},
  editor       = {Зимина, С. П. and Гвоздарёва, А. С.},
  pages        = {43--44},
  address      = {Ярославль},
  organization = {Ярославский государственный университет им.~П.Г.~Демидова},
  publisher    = {Ярославский государственный университет им.~П.Г.~Демидова},
}

@Conference{conf17,
  author       = {\textbf{Очиров}, \textbf{А. А.} and Белоножко, Д. Ф.},
  title        = {О дрейфовом течении, вызванном волновым возмущением поверхности тангенциального разрыва поля скоростей},
  booktitle    = {ВОЛНЫ И ВИХРИ В СЛОЖНЫХ СРЕДАХ. 9-ая международная конференция --- школа молодых ученых. Сборник материалов школы.},
  year         = {2018},
  pages        = {133--135},
  address      = {Москва},
  organization = {Федеральное государственное бюджетное учреждение науки Институт проблем механики им. А.Ю. Ишлинского Российской академии наук},
  publisher    = {ООО "Премиум-принт"},
}

@Conference{conf18,
  author       = {\textbf{Очиров}, \textbf{А. А.}},
  title        = {Движение материальных жидких частиц при распространении волнового пакета},
  booktitle    = {ПУТЬ В НАУКУ. ФИЗИКА. Материалы международной научно-практической конференции.},
  year         = {2018},
  editor       = {Зимина, С. П. and Гвоздарёва, А. С.},
  pages        = {43--44},
  address      = {Ярославль},
  organization = {Ярославский государственный университет им.~П.Г.~Демидова},
}

@Conference{conf19,
  author    = {\textbf{Очиров}, \textbf{А. А.}},
  title     = {Об особенностях движения индивидуальных частиц по границе раздела двух жидкостей},
  booktitle = {Путь в науку. Физика. Материалы III Международной молодежной научно-практической конференции},
  year      = {2015},
  editor    = {Зимина, С. П.},
  pages     = {43},
  address   = {Ярославль},
  publisher = {ЯрГУ},
}

@Conference{conf20,
  author       = {\textbf{Очиров}, \textbf{А. А.} and Кокин, С. Е.},
  title        = {О способах оценки среднего дрейфового волнового течения},
  booktitle    = {Путь в науку. Физика: материалы конференции},
  year         = {2017},
  editor       = {Зимина, С. П. and Гвоздарёва, А. С.},
  pages        = {30},
  address      = {Ярославль},
  organization = {Ярославский государственный университет им.~П.Г.~Демидова},
  publisher    = {Ярославский государственный университет им.~П.Г.~Демидова},
}

@Conference{conf21,
  author    = {\textbf{Очиров}, \textbf{А. А.}},
  title     = {О методике расчета траекторий индивидуальных жидких частиц вблизи возмущенной волновым движением поверхности раздела двух жидкостей},
  booktitle = {Путь в науку. Физика: Международная молодежная науч.-практ. конференция, 22-29 апреля 2016 г.},
  year      = {2016},
  editor    = {Зимина, С. П.},
  pages     = {??},
  address   = {Ярославль},
  publisher = {ЯрГУ},
}

@Conference{conf22,
  author    = {\textbf{Очиров}, \textbf{А. А.} and Белоножко, Д. Ф.},
  title     = {О дрейфовых свойствах волнового пакета Стокса, распространяющегося по электрически заряженной границе раздела жидких сред},
  booktitle = {Труды школы-семинара «Волны – 2019». Волновые процессы в неоднородных средах},
  year      = {2019},
  pages     = {39--40},
}

@Conference{conf23,
  author    = {\textbf{Очиров}, \textbf{А. А.}},
  title     = {О влиянии электрического заряда на развитие неустойчивости Кельвина--Гельмгольца},
  booktitle = {Путь в науку. Математика: Материалы молодежной конференции},
  year      = {2019},
  editor    = {Куликова, Д. А.},
  pages     = {8--10},
  address   = {Ярославль},
  publisher = {ЯрГУ},
}

@InProceedings{conf24,
  author    = {\textbf{Очиров}, \textbf{А. А.} and Белоножко, Д. Ф.},
  title     = {О влиянии плёнки поверхностно--активного вещества на дрейфовое течение и формы траекторий индивидуальных жидких частиц, вовлечённых в поверхностное волновое движение},
  booktitle = {Актуальные проблемы механики сплошной среды: Материалы VI международной конференции 01~---06 октября 2019, Дилижан, Армения},
  year      = {2019},
  pages     = {268--272},
  address   = {Ер.},
  publisher = {НУАСА},
}

@Comment{jabref-meta: databaseType:bibtex;}
