% Encoding: UTF-8

@Article{bib1,
  author   = {\textbf{Очиров}, \textbf{А. А.} and Белоножко, Д. Ф.},
  title    = {О любопытном взаимоотношении понятий «дрейф Стокса» и «волновой пакет Стокса»},
  journal  = {Вестник ЯрГУ. Серия Естественные и технические науки},
  year     = {2012},
  number   = {4},
  pages    = {19--23},
  language = {russian},
}

@Article{bib2,
  author   = {\textbf{Очиров}, \textbf{А. А.} and Белоножко, Д. Ф.},
  title    = {Влияние вязкости на форму нелинейных волн, распространяющихся по свободной поверхности жидкости},
  journal  = {Вестник ЯрГУ. Серия Естественные и технические науки},
  year     = {2013},
  number   = {4},
  pages    = {30--34},
  language = {russian},
}

@InProceedings{bib3,
  author    = {\textbf{Очиров}, \textbf{А. А.} and Белоножко, Д. Ф.},
  title     = {О методике расчета волнового дрейфа, возникающего на поверхности раздела двух жидкостей},
  booktitle = {Математика и математическое образование. Теория и практика: Межвуз. сб. науч. тр. Вып. 9},
  year      = {2014},
  pages     = {238--244},
  address   = {Ярославль},
  publisher = {Изд-во ЯГТУ},
}

@Article{bib4,
  author   = {\textbf{Очиров}, \textbf{А. А.} and Белоножко, Д. Ф.},
  title    = {О влиянии ветра на дрейфовый волновой перенос на границе вода-воздух},
  journal  = {Вестник Ярославского государственного университета им. П.Г. Демидова. Серия Естественные и технические науки},
  year     = {2015},
  number   = {2},
  pages    = {10--15},
  language = {russian},
}

@InProceedings{bib5,
  author    = {\textbf{Очиров}, \textbf{А. А.} and Белоножко, Д. Ф.},
  title     = {Сравнение методик расчета жидких частиц в нелинейных волнах Стокса},
  booktitle = {Математика и естественные науки. Теория и практика},
  year      = {2015},
  pages     = {67--72},
  publisher = {Изд-во ЯГТУ},
}

@Article{bib6,
  author  = {Белоножко, Д. Ф. and \textbf{Очиров}, \textbf{А. А.}},
  title   = {О поведении жидких частиц, участвующих в волновом движении границы раздела двух движущихся несмешивающихся жидкостей},
  journal = {Ученые записки физического факультета},
  year    = {2016},
  number  = {6},
  pages   = {166804-1 – 166804-4},
}

@InProceedings{bib9,
  author    = {\textbf{Очиров}, \textbf{А. А.}},
  title     = {О расчете возмущения магнитного поля волновым движением проводящей жидкости},
  booktitle = {Математика и естественные науки. Теория и практика: Межвуз. сб. науч. тр. Вып. 12},
  year      = {2017},
  pages     = {66--69},
  address   = {Ярославль},
  publisher = {Издат. дом ЯГТУ},
}

@InProceedings{bib7,
  author    = {Белоножко, Д. Ф. and \textbf{Очиров}, \textbf{А. А.} and Кокин, С. Е.},
  title     = {О методике привлечения эффекта Доплера для объяснения разницы в Лагранжевом и Эйлеровом подходах к описанию движения жидкости},
  booktitle = {Математика и естественные науки. Теория и практика: Межвуз. сб. науч. тр. Вып. 11},
  year      = {2016},
  pages     = {179--183},
  address   = {Ярославль},
  publisher = {Издат. дом ЯГТУ},
}

@InProceedings{bib8,
  author    = {Белоножко, Д. Ф. and \textbf{Очиров}, \textbf{А. А.} and Кокин, С. Е.},
  title     = {О движении материальных частиц на возмущенной границе раздела двух вязких жидкостей},
  booktitle = {Математика и естественные науки. Теория и практика: Межвуз. сб. науч. тр. Вып. 12},
  year      = {2017},
  pages     = {8--13},
  address   = {Ярославль},
  publisher = {Издат. дом ЯГТУ},
}

@InProceedings{bib10,
  author    = {\textbf{Очиров}, \textbf{А. А.} and Белоножко, Д. Ф.},
  title     = {О влиянии поверхностного электрического заряда и скорости относительного движения жидких сред на дрейф Стокса},
  booktitle = {Математика и естественные науки. Теория и практика Межвузовский сборник научных трудов.},
  year      = {2019},
  pages     = {43--45},
  address   = {Ярославль},
  publisher = {Изд-во ЯГТУ},
}

@Comment{jabref-meta: databaseType:bibtex;}
