% Encoding: UTF-8

@InBook{WoSbib1,
  chapter   = {3 On a Role of Viscosity in Phenomena of Mass Transfer Caused by Nonlinear Periodic Waves Propagating Over the Liquid Surface.},
  pages     = {39--58},
  title     = {Mass transfer â€“ advanced aspects},
  publisher = {InTech},
  year      = {2011},
  author    = {Belonozhko, D. F. and \textbf{Ochirov}, \textbf{A. A.}},
  editor    = {Hironori Nakajima},
  language  = {english},
}

@Comment{jabref-meta: databaseType:bibtex;}
