% Encoding: UTF-8
@Article{Stokes,
  Title                    = {On the theory of oscillatory waves},
  Author                   = {Stokes, G.G.},
  Journal                  = {Trans. Camb},
  Year                     = {1847},
  Pages                    = {314--326}
}
@Book{Landau,
  Title                    = {Теоретическая физика. том VI. Гидродинамика},
  Author                   = {Ландау, Л.Д. and Лифшиц, Е.М.},
  Publisher                  = {М: Наука},
  Year                     = {1986}
}

@Book{Levich,
  Title                    = {Физико-химическая гидродинамика},
  Author                   = {Левич, Вениамин Григорьевич},
  Publisher                = {Гос изд-во физико-математической лит-ры},
  Year                     = {1959}
}
@Misc{Sivukhin,
  Title                    = {Общий курс физики: учебное пособие для вузов: в кн. Т. 2: Термодинамика и молекулярная физика--3-е изд., испр. и доп},

  Author                   = {Сивухин, Д.В.},
  Year                     = {1990},

  Publisher                = {М.: Наука. Физматлит}
}
@Article{clamond2007lagrangian,
  Title                    = {On the Lagrangian description of steady surface gravity waves},
  Author                   = {Clamond, Didier},
  Journal                  = {Journal of Fluid Mechanics},
  Year                     = {2007},
  Pages                    = {433--454},
  Volume                   = {589},

  Publisher                = {Cambridge University Press}
}
@Article{herreman2011stokes,
  Title                    = {Stokes drift dynamos},
  Author                   = {Herreman, W. and Lesaffre, P.},
  Journal                  = {Journal of Fluid Mechanics},
  Year                     = {2011},
  Pages                    = {32--57},
  Volume                   = {679},

  Publisher                = {Cambridge University Press}
}
@Article{feng2010ocean,
  Title                    = {Ocean circulation, Stokes drift, and connectivity of western rock lobster (Panulirus cygnus) population},
  Author                   = {Feng, Ming and Caputi, Nick and Penn, James and Slawinski, Dirk and de Lestang, Simon and Weller, Evan and Pearce, Alan},
  Journal                  = {Canadian Journal of Fisheries and Aquatic Sciences},
  Year                     = {2010},
  Number                   = {7},
  Pages                    = {1182--1196},
  Volume                   = {68},

  Publisher                = {NRC Research Press}
}
@Article{christensen2009drift,
  Title                    = {Drift and deformation of oil slicks due to surface waves},
  Author                   = {Christensen, K.H. and Terrile, E.},
  Journal                  = {Journal of Fluid Mechanics},
  Year                     = {2009},
  Pages                    = {313--332},
  Volume                   = {620},

  Publisher                = {Cambridge University Press}
}
@Article{rohrs2014wave,
  Title                    = {Wave-induced transport and vertical mixing of pelagic eggs and larvae},
  Author                   = {R{\"o}hrs, Johannes and Christensen, Kai H{\aa}kon and Vikeb{\o}, Frode and Sundby, Svein and Saetra, {\O}yvind and Brostr{\"o}m, G{\"o}ran},
  Journal                  = {Limnology and Oceanography},
  Year                     = {2014},
  Number                   = {4},
  Pages                    = {1213--1227},
  Volume                   = {59},

  Publisher                = {Wiley Online Library}
}
@Article{isobe2014selective,
  Title                    = {Selective transport of microplastics and mesoplastics by drifting in coastal waters},
  Author                   = {Isobe, Atsuhiko and Kubo, Kenta and Tamura, Yuka and Nakashima, Etsuko and Fujii, Naoki and others},
  Journal                  = {Marine pollution bulletin},
  Year                     = {2014},
  Number                   = {1-2},
  Pages                    = {324--330},
  Volume                   = {89},

  Publisher                = {Elsevier}
}
@Book{Faber,
  Title                    = {Гидроаэродинамика},
  Author                   = {Фабер, Т.Е.},
  Publisher                = {Постмаркет М.},
  Year                     = {2001}
}
@Book{Drazin,
  Title                    = {Введение в теорию гидродинамической устойчивости},
  Author                   = {Дразин, Филипп},
  Publisher                = {Физматлит},
  Year                     = {2005}
}
@InProceedings{longuet1969transport,
  Title                    = {On the transport of mass by time-varying ocean currents},
  Author                   = {Longuet-Higgins, Michael Selwyn},
  Booktitle                = {Deep Sea Research and Oceanographic Abstracts},
  Year                     = {1969},
  Number                   = {5},
  Organization             = {Elsevier},
  Pages                    = {431--447},
  Volume                   = {16}
}
@Article{henry2007particle,
  Title                    = {Particle trajectories in linear periodic capillary and capillary-gravity deep-water waves},
  Author                   = {Henry, David},
  Journal                  = {Journal of Nonlinear Mathematical Physics},
  Year                     = {2007},
  Number                   = {1},
  Pages                    = {1--7},
  Volume                   = {14},

  Publisher                = {Taylor \& Francis}
}

@Article{henry2007particle2,
  Title                    = {Particle trajectories in linear periodic capillary and capillary--gravity water waves},
  Author                   = {Henry, David},
  Journal                  = {Philosophical Transactions of the Royal Society A: Mathematical, Physical and Engineering Sciences},
  Year                     = {2007},
  Number                   = {1858},
  Pages                    = {2241--2251},
  Volume                   = {365},

  Publisher                = {The Royal Society London}
}
@Article{chang2007particle,
  Title                    = {Particle trajectory and mass transport of finite-amplitude waves in water of uniform depth},
  Author                   = {Chang, Hsien-Kuo and Liou, Jin-Cheng and Su, Ming-Yang},
  Journal                  = {European journal of mechanics-B/Fluids},
  Year                     = {2007},
  Number                   = {3},
  Pages                    = {385--403},
  Volume                   = {26},

  Publisher                = {Elsevier}
}
@Article{chang2009particle,
  Title                    = {Particle trajectories of nonlinear gravity waves in deep water},
  Author                   = {Chang, Hsien-Kuo and Chen, Yang-Yi and Liou, Jin-Cheng},
  Journal                  = {Ocean Engineering},
  Year                     = {2009},
  Number                   = {5},
  Pages                    = {324--329},
  Volume                   = {36},

  Publisher                = {Elsevier}
}
@Article{joseph1973domain,
  Title                    = {Domain perturbations: the higher order theory of infinitesimal water waves},
  Author                   = {Joseph, Daniel D.},
  Journal                  = {Archive for Rational Mechanics and Analysis},
  Year                     = {1973},
  Number                   = {4},
  Pages                    = {295--303},
  Volume                   = {51},

  Publisher                = {Springer}
}
@Article{belonozhko2018massoperenose,
  Title                    = {О массопереносе, порожденном волновым возмущением поверхности тангенциального разрыва поля скоростей},
  Author                   = {Белоножко, Д.Ф. and Очиров, А.А.},
  Journal                  = {Журнал технической физики},
  Year                     = {2018},
  Number                   = {5},
  Pages                    = {675--683},
  Volume                   = {88},

  Publisher                = {Федеральное государственное бюджетное учреждение науки Физико-технический~…}
}
@Article{mcgoldrick1972rippling,
  Title                    = {On the rippling of small waves: a harmonic nonlinear nearly resonant interaction},
  Author                   = {McGoldrick, L.F.},
  Journal                  = {Journal of Fluid Mechanics},
  Year                     = {1972},
  Number                   = {4},
  Pages                    = {725--751},
  Volume                   = {52},

  Publisher                = {Cambridge University Press}
}
@Article{nayfeh1971method,
  Title                    = {The method of multiple scales and non-linear dispersive waves},
  Author                   = {Nayfeh, Ali Hasan and Hassan, Sayed D.},
  Journal                  = {Journal of Fluid Mechanics},
  Year                     = {1971},
  Number                   = {3},
  Pages                    = {463--475},
  Volume                   = {48},

  Publisher                = {Cambridge University Press}
}
@Book{Ostrovsky,
  Title                    = {Введение в теорию модулированных волн},
  Author                   = {Островский, Л.А. and Потапов, А.И.},
  Publisher                = {Физматлит М.},
  Year                     = {2003}
}
@Article{tonks1935theory,
  Title                    = {A theory of liquid surface rupture by a uniform electric field},
  Author                   = {Tonks, Lewi},
  Journal                  = {Physical Review},
  Year                     = {1935},
  Number                   = {6},
  Pages                    = {562},
  Volume                   = {48},

  Publisher                = {APS}
}
@Article{Frenkel,
  Title                    = {К теории Тонкса о разрыве поверхности жидкости постоянным электрическим полем в вакууме},
  Author                   = {Френкель, Я.И.},
  Journal                  = {ЖЭТФ},
  Year                     = {1936},
  Number                   = {4},
  Pages                    = {348--350},
  Volume                   = {6}
}
@Article{lucassen1969eh,
  Author                   = {Lucassen-Reynders, E.H. and Lucassen, J.},
  Journal                  = {Adv. Colloid Interface Sci.},
  Year                     = {1969},
  Pages                    = {347},
  Volume                   = {2}
}
@inproceedings{eames1999connection,
  title={On the connection between Stokes drift and Darwin drift},
  author={Eames, I and McIntyre, ME},
  booktitle={Mathematical Proceedings of the Cambridge Philosophical Society},
  volume={126},
  number={1},
  pages={171--174},
  year={1999},
  organization={Cambridge University Press}
}
@inproceedings{darwin1953note,
  title={Note on hydrodynamics},
  author={Darwin, Charles},
  booktitle={Mathematical Proceedings of the Cambridge Philosophical Society},
  volume={49},
  number={2},
  pages={342--354},
  year={1953},
  organization={Cambridge University Press}
}
@article{monismith2007hydrodynamics,
  title={Hydrodynamics of coral reefs},
  author={Monismith, Stephen G},
  journal={Annu. Rev. Fluid Mech.},
  volume={39},
  pages={37--55},
  year={2007},
  publisher={Annual Reviews}
}
@article{karami2018microplastic,
  title={Microplastic and mesoplastic contamination in canned sardines and sprats},
  author={Karami, Ali and Golieskardi, Abolfazl and Choo, Cheng Keong and Larat, Vincent and Karbalaei, Samaneh and Salamatinia, Babak},
  journal={Science of the Total Environment},
  volume={612},
  pages={1380--1386},
  year={2018},
  publisher={Elsevier}
}
@article{kumar2017effect,
  title={The effect of Stokes drift and transient rip currents on the inner shelf. Part I: No stratification},
  author={Kumar, Nirnimesh and Feddersen, Falk},
  journal={Journal of Physical Oceanography},
  volume={47},
  number={1},
  pages={227--241},
  year={2017}
}
@article{kumar2017effectb,
  title={The effect of Stokes drift and transient rip currents on the inner shelf. Part II: With stratification},
  author={Kumar, Nirnimesh and Feddersen, Falk},
  journal={Journal of Physical Oceanography},
  volume={47},
  number={1},
  pages={243--260},
  year={2017}
}
@article{curcic2016hurricane,
  title={Hurricane-induced ocean waves and stokes drift and their impacts on surface transport and dispersion in the Gulf of Mexico},
  author={Curcic, Milan and Chen, Shuyi S and {\"O}zg{\"o}kmen, Tamay M},
  journal={Geophysical Research Letters},
  volume={43},
  number={6},
  pages={2773--2781},
  year={2016},
  publisher={Wiley Online Library}
}
@article{harrison1909influence,
  title={The influence of viscosity and capillarity on waves of finite amplitude},
  author={Harrison, WJ},
  journal={Proceedings of the London Mathematical Society},
  volume={2},
  number={1},
  pages={107--121},
  year={1909},
  publisher={Wiley Online Library}
}
@article{lamb1932hydrodynamics,
  title={Hydrodynamics, Cambridge Univ},
  author={Lamb, H},
  journal={Press,},
  pages={134--139},
  year={1932}
}
@article{longuet1953mass,
  title={Mass transport in water waves},
  author={Longuet-Higgins, Michael Selwyn},
  journal={Philosophical Transactions of the Royal Society of London. Series A, Mathematical and Physical Sciences},
  volume={245},
  number={903},
  pages={535--581},
  year={1953},
  publisher={The Royal Society London}
}
@article{longuet1960mass,
  title={Mass transport in the boundary layer at a free oscillating surface},
  author={Longuet-Higgins, MS},
  journal={Journal of Fluid Mechanics},
  volume={8},
  number={2},
  pages={293--306},
  year={1960},
  publisher={Cambridge University Press}
}
@article{chang1969mass,
  title={Mass transport in deep-water long-crested random gravity waves},
  author={Chang, Ming-Shun},
  journal={Journal of Geophysical Research},
  volume={74},
  number={6},
  pages={1515--1536},
  year={1969},
  publisher={Wiley Online Library}
}
@article{huang1970discussion,
  title={Discussion of paper by Ming-Shun Chang,“The mass transport in deep-water long-crested random gravity waves”},
  author={Huang, Norden E},
  journal={Journal of Geophysical Research},
  volume={75},
  number={12},
  pages={2211--2212},
  year={1970},
  publisher={Wiley Online Library}
}
@article{huang1970mass,
  title={Mass transport induced by wave motion.},
  author={Huang, Norden E},
  journal={J Mar Res},
  volume={28},
  pages={35--50},
  year={1970}
}
@article{unluata1970mass,
  title={Mass transport in water waves},
  author={{\"U}nl{\"u}ata, {\"U}mit and Mei, Chiang C},
  journal={Journal of Geophysical Research},
  volume={75},
  number={36},
  pages={7611--7618},
  year={1970},
  publisher={Wiley Online Library}
}
@inproceedings{dore1973mass,
  title={On mass transport induced by interfacial oscillations at a single frequency},
  author={Dore, BD},
  booktitle={Mathematical proceedings of the cambridge philosophical society},
  volume={74},
  number={2},
  pages={333--347},
  year={1973},
  organization={Cambridge University Press}
}
@article{chang1970reply,
  title={Reply [to “Discussion of paper by Ming-Shun Chang,‘The mass transport in deep-water long-crested random gravity waves’”]},
  author={Chang, Ming-Shun},
  journal={Journal of Geophysical Research},
  volume={75},
  number={12},
  pages={2213--2213},
  year={1970},
  publisher={Wiley Online Library}
}
@article{Madsen,
author = {Madsen, Ole Secher},
title = {Mass Transport in Deep-Water Waves},
journal = {Journal of Physical Oceanography},
volume = {8},
number = {6},
pages = {1009-1015},
year = {1978},
doi = {10.1175/1520-0485(1978)008<1009:MTIDWW>2.0.CO;2},

URL = { 
        https://doi.org/10.1175/1520-0485(1978)008<1009:MTIDWW>2.0.CO;2
    
},
eprint = { 
        https://doi.org/10.1175/1520-0485(1978)008<1009:MTIDWW>2.0.CO;2
    
}
,
    abstract = { Abstract The problem of mass transport induced by monochromatic waves in a viscous fluid of infinite depth and infinite lateral extent is examined. The fluid viscosity is assumed constant and the effects of Coriolis force and a nonzero surface shear stress are incorporated in the analysis. The solution shows the wave-induced surface drift to be finite, thus eliminating the apparent paradox of an infinite wave-induced surface drift predicted by Longuet-Higgins' classical solution. The nature of the present solution depends on the ratio of the Ekman depth δ to the wavelength L. The combined wind- and wave-induced drift velocity is found to be composed of a classical Ekman current and a wave-associated mass transport current. For large values of δ/L the wave-associated mass transport current is a superposition of Stokes' mass transport and the shear current arising from the unbalanced surface velocity gradient predicted by Longuet-Higgins' mass transport theory. For small values of δ/L the wave-associated mass transport velocity exhibits the features of a pure shear current corresponding to the surface velocity gradient induced by the wave motion, i.e., the mass transport becomes proportional to δ and approaches zero for an inviscid fluid in agreement with Ursell's finding. For all values of δ L the wave-induced surface drift is found to he at an angle of approximately π/4 to the direction of wave propagation. The results show that a simple superposition of the Ekman current and Stokes' mass transport to find the combined surface drift of winds and waves is invalid. The extension of the present analysis to a fully developed sea, described by its spectrum, is discussed. }
}
@Article{dore1970mass,
  Title                    = {Mass transport in layered fluid systems},
  Author                   = {Dore, B.D.},
  Journal                  = {Journal of Fluid Mechanics},
  Year                     = {1970},
  Number                   = {1},
  Pages                    = {113--126},
  Volume                   = {40},

  Publisher                = {Cambridge University Press}
}

@Article{Uenlueata1970,
  author    = {{\"U}nl{\"u}ata, {\"U}mit and Mei, Chiang C},
  title     = {Mass transport in water waves},
  journal   = {Journal of Geophysical Research},
  year      = {1970},
  volume    = {75},
  number    = {36},
  pages     = {7611--7618},
  publisher = {Wiley Online Library},
}

@Article{abd2013new,
  Title                    = {New solutions for solving problem of particle trajectories in linear deep-water waves via Lie-group method},
  Author                   = {Abd-el-Malek, Mina B and Badran, Nagwa A and Hassan, Hossam S and Abbas, Heba H},
  Journal                  = {Applied Mathematics and Computation},
  Year                     = {2013},
  Number                   = {24},
  Pages                    = {11365--11375},
  Volume                   = {219},

  Publisher                = {Elsevier}
}

@Article{andrews1978exact,
  Title                    = {An exact theory of nonlinear waves on a Lagrangian-mean flow},
  Author                   = {Andrews, D.G. and McIntyre, M.E.},
  Journal                  = {Journal of fluid Mechanics},
  Year                     = {1978},
  Number                   = {4},
  Pages                    = {609--645},
  Volume                   = {89},

  Publisher                = {Cambridge University Press}
}

@Article{Chang2009,
  author    = {Chang, Hsien-Kuo and Chen, Yang-Yi and Liou, Jin-Cheng},
  title     = {Particle trajectories of nonlinear gravity waves in deep water},
  journal   = {Ocean Engineering},
  year      = {2009},
  volume    = {36},
  number    = {5},
  pages     = {324--329},
  publisher = {Elsevier},
}

@Article{Chang2007,
  author    = {Chang, Hsien-Kuo and Liou, Jin-Cheng and Su, Ming-Yang},
  title     = {Particle trajectory and mass transport of finite-amplitude waves in water of uniform depth},
  journal   = {European journal of mechanics-B/Fluids},
  year      = {2007},
  volume    = {26},
  number    = {3},
  pages     = {385--403},
  publisher = {Elsevier},
}

@Article{Chang1969,
  author    = {Chang, Ming-Shun},
  title     = {Mass transport in deep-water long-crested random gravity waves},
  journal   = {Journal of Geophysical Research},
  year      = {1969},
  volume    = {74},
  number    = {6},
  pages     = {1515--1536},
  publisher = {Wiley Online Library},
}

@Article{chen2010lagrangian,
  Title                    = {Lagrangian experiment and solution for irrotational finite-amplitude progressive gravity waves at uniform depth},
  Author                   = {Chen, Yang-Yih and Hsu, Hung-Chu and Chen, Guan-Yu},
  Journal                  = {Fluid dynamics research},
  Year                     = {2010},
  Number                   = {4},
  Pages                    = {045511},
  Volume                   = {42},

  Publisher                = {IOP Publishing}
}

@Article{Christensen2009,
  author    = {Christensen, K.H. and Terrile, E.},
  title     = {Drift and deformation of oil slicks due to surface waves},
  journal   = {Journal of Fluid Mechanics},
  year      = {2009},
  volume    = {620},
  pages     = {313--332},
  publisher = {Cambridge University Press},
}

@Article{christensen2005drift,
  Title                    = {Drift of an inextensible sheet caused by surface waves},
  Author                   = {Christensen, K.H. and Weber, J.E.},
  Journal                  = {Environmental Fluid Mechanics},
  Year                     = {2005},
  Number                   = {5},
  Pages                    = {495--505},
  Volume                   = {5},

  Publisher                = {Springer}
}

@Article{christensen2005wave,
  Title                    = {Wave-induced drift of large floating sheets},
  Author                   = {Christensen, K.H. and Weber, J.E.},
  Journal                  = {Geophysical and Astrophysical Fluid Dynamics},
  Year                     = {2005},
  Number                   = {6},
  Pages                    = {433--443},
  Volume                   = {99},

  Publisher                = {Taylor \& Francis}
}

@Article{Clamond2007,
  author    = {Clamond, Didier},
  title     = {On the Lagrangian description of steady surface gravity waves},
  journal   = {Journal of Fluid Mechanics},
  year      = {2007},
  volume    = {589},
  pages     = {433--454},
  publisher = {Cambridge University Press},
}

@Article{constantin2006trajectories,
  Title                    = {The trajectories of particles in Stokes waves},
  Author                   = {Constantin, Adrian},
  Journal                  = {Inventiones mathematicae},
  Year                     = {2006},
  Number                   = {3},
  Pages                    = {523--535},
  Volume                   = {166},

  Publisher                = {Springer}
}

@Article{constantin2001deep,
  Title                    = {On the deep water wave motion},
  Author                   = {Constantin, Adrian},
  Journal                  = {Journal of Physics A: Mathematical and general},
  Year                     = {2001},
  Number                   = {7},
  Pages                    = {1405},
  Volume                   = {34},

  Publisher                = {IOP Publishing}
}

@Article{constantin2008particleDeepWater,
  Title                    = {Particle trajectories in linear deep-water waves},
  Author                   = {Constantin, Adrian and Ehrnstr{\"o}m, Mats and Villari, Gabriele},
  Journal                  = {Nonlinear Analysis: Real World Applications},
  Year                     = {2008},
  Number                   = {4},
  Pages                    = {1336--1344},
  Volume                   = {9},

  Publisher                = {Elsevier}
}

@Article{constantin2008particle,
  Title                    = {Particle trajectories in linear water waves},
  Author                   = {Constantin, Adrian and Villari, Gabriele},
  Journal                  = {Journal of Mathematical Fluid Mechanics},
  Year                     = {2008},
  Number                   = {1},
  Pages                    = {1--18},
  Volume                   = {10},

  Publisher                = {Springer}
}

@Article{coy1986stokes,
  Title                    = {The Stokes drift due to vertically propagating internal gravity waves in a compressible atmosphere},
  Author                   = {Coy, Lawrence and Fritts, David C. and Weinstock, J.},
  Journal                  = {Journal of the atmospheric sciences},
  Year                     = {1986},
  Number                   = {22},
  Pages                    = {2636--2643},
  Volume                   = {43}
}

@Article{craik1982drift,
  Title                    = {The drift velocity of water waves},
  Author                   = {Craik, A.D.D.},
  Journal                  = {Journal of Fluid Mechanics},
  Year                     = {1982},
  Pages                    = {187--205},
  Volume                   = {116},

  Publisher                = {Cambridge University Press}
}

@Article{Curcic2016,
  author    = {Curcic, Milan and Chen, Shuyi S. and {\"O}zg{\"o}kmen, Tamay M.},
  title     = {Hurricane-induced ocean waves and stokes drift and their impacts on surface transport and dispersion in the Gulf of Mexico},
  journal   = {Geophysical Research Letters},
  year      = {2016},
  volume    = {43},
  number    = {6},
  pages     = {2773--2781},
  publisher = {Wiley Online Library},
}

@InProceedings{Darwin1953,
  author       = {Darwin, Charles},
  title        = {Note on hydrodynamics},
  booktitle    = {Mathematical Proceedings of the Cambridge Philosophical Society},
  year         = {1953},
  volume       = {49},
  number       = {2},
  pages        = {342--354},
  organization = {Cambridge University Press},
}

@Article{dore1978double,
  Title                    = {A double boundary-layer model of mass transport in progressive interfacial waves},
  Author                   = {Dore, B.D.},
  Journal                  = {Journal of Engineering Mathematics},
  Year                     = {1978},
  Number                   = {4},
  Pages                    = {289--301},
  Volume                   = {12},

  Publisher                = {Springer}
}

@Article{dore1978some,
  Title                    = {Some effects of the air-water interface on gravity waves},
  Author                   = {Dore, B.D.},
  Journal                  = {Geophysical \& Astrophysical Fluid Dynamics},
  Year                     = {1978},
  Number                   = {1},
  Pages                    = {215--230},
  Volume                   = {10},

  Publisher                = {Taylor \& Francis}
}

@Article{dore1977mass,
  Title                    = {On mass transport velocity due to progressive waves},
  Author                   = {Dore, B.D.},
  Journal                  = {The Quarterly Journal of Mechanics and Applied Mathematics},
  Year                     = {1977},
  Number                   = {2},
  Pages                    = {157--173},
  Volume                   = {30},

  Publisher                = {Oxford University Press}
}

@Article{dore1976double,
  Title                    = {Double boundary layers in standing surface waves},
  Author                   = {Dore, B.D.},
  Journal                  = {pure and applied geophysics},
  Year                     = {1976},
  Number                   = {4},
  Pages                    = {629--637},
  Volume                   = {114},

  Publisher                = {Springer}
}

@Article{dore1976double2,
  Title                    = {Double boundary layers in standing interfacial waves},
  Author                   = {Dore, B.D.},
  Journal                  = {Journal of Fluid Mechanics},
  Year                     = {1976},
  Number                   = {4},
  Pages                    = {819--828},
  Volume                   = {76},

  Publisher                = {Cambridge University Press}
}

@Article{dore1974mass,
  Title                    = {The mass transport velocity due to interacting wave trains},
  Author                   = {Dore, B.D.},
  Journal                  = {Meccanica},
  Year                     = {1974},
  Number                   = {3},
  Pages                    = {172--178},
  Volume                   = {9},

  Publisher                = {Springer}
}

@InProceedings{Dore1973,
  author       = {Dore, B.D.},
  title        = {On mass transport induced by interfacial oscillations at a single frequency},
  booktitle    = {Mathematical proceedings of the cambridge philosophical society},
  year         = {1973},
  volume       = {74},
  number       = {2},
  pages        = {333--347},
  organization = {Cambridge University Press},
}

@InProceedings{dore1971study,
  Title                    = {A study of mass transport in boundary layers at oscillating free surfaces and interfaces},
  Author                   = {Dore, B.D.},
  Booktitle                = {Proceedings of the IUTAM Symposium on Unsteady Boundary Layers, Laval University Quebec},
  Year                     = {1971},
  Organization             = {Laval University Press},
  Pages                    = {1535--1583}
}

@Article{Dore1970,
  author    = {Dore, B.D.},
  title     = {Mass transport in layered fluid systems},
  journal   = {Journal of Fluid Mechanics},
  year      = {1970},
  volume    = {40},
  number    = {1},
  pages     = {113--126},
  publisher = {Cambridge University Press},
}

@InProceedings{Eames1999,
  author       = {Eames, I. and McIntyre, M.E.},
  title        = {On the connection between Stokes drift and Darwin drift},
  booktitle    = {Mathematical Proceedings of the Cambridge Philosophical Society},
  year         = {1999},
  volume       = {126},
  number       = {1},
  pages        = {171--174},
  organization = {Cambridge University Press},
}

@Article{ehrnstrom2008streamlines,
  Title                    = {On the streamlines and particle paths of gravitational water waves},
  Author                   = {Ehrnstr{\"o}m, Mats},
  Journal                  = {Nonlinearity},
  Year                     = {2008},
  Number                   = {5},
  Pages                    = {1141},
  Volume                   = {21},

  Publisher                = {IOP Publishing}
}

@Article{ehrnstrom2009recent,
  Title                    = {Recent progress on particle trajectories in steady water waves},
  Author                   = {Ehrnstr{\"o}m, Mats and Villari, Gabriele},
  Journal                  = {Discrete Contin. Dyn. Syst. Ser. B},
  Year                     = {2009},
  Number                   = {3},
  Pages                    = {539--559},
  Volume                   = {12}
}

@Article{ehrnstrom2007deep,
  Title                    = {Deep-water waves with vorticity: symmetry and rotational behaviour},
  Author                   = {Ehrnstrom, Mats},
  Journal                  = {Discrete and Continuous Dynamical Systems},
  Year                     = {2007},
  Number                   = {3},
  Pages                    = {483},
  Volume                   = {19},

  Publisher                = {AIMS PRESS}
}

@Article{Feng2010,
  author    = {Feng, Ming and Caputi, Nick and Penn, James and Slawinski, Dirk and de Lestang, Simon and Weller, Evan and Pearce, Alan},
  title     = {Ocean circulation, Stokes drift, and connectivity of western rock lobster (Panulirus cygnus) population},
  journal   = {Canadian Journal of Fisheries and Aquatic Sciences},
  year      = {2010},
  volume    = {68},
  number    = {7},
  pages     = {1182--1196},
  publisher = {NRC Research Press},
}

@Article{grue2017experimental,
  Title                    = {Experimental particle paths and drift velocity in steep waves at finite water depth},
  Author                   = {Grue, John and Kolaas, Jostein},
  Journal                  = {Journal of Fluid Mechanics},
  Year                     = {2017},
  Volume                   = {810},

  Publisher                = {Cambridge University Press}
}

@Article{huhnerfuss1981damping,
  Title                    = {The damping of ocean surface waves by a monomolecular film measured by wave staffs and microwave radars},
  Author                   = {H{\"u}hnerfuss, Heinrich and Alpers, Werner and Jones, W. Linwood and Lange, Philipp A. and Richter, Karl},
  Journal                  = {Journal of Geophysical Research: Oceans},
  Year                     = {1981},
  Number                   = {C1},
  Pages                    = {429--438},
  Volume                   = {86},

  Publisher                = {Wiley Online Library}
}

@Article{harris1966wave,
  Title                    = {The wave-driven wind},
  Author                   = {Harris, D. Lee},
  Journal                  = {Journal of the Atmospheric Sciences},
  Year                     = {1966},
  Number                   = {6},
  Pages                    = {688--693},
  Volume                   = {23}
}

@Article{Harrison1909,
  author    = {Harrison, W.J.},
  title     = {The influence of viscosity and capillarity on waves of finite amplitude},
  journal   = {Proceedings of the London Mathematical Society},
  year      = {1909},
  volume    = {2},
  number    = {1},
  pages     = {107--121},
  publisher = {Wiley Online Library},
}

@Article{Henry2007a,
  author    = {Henry, David},
  title     = {Particle trajectories in linear periodic capillary and capillary-gravity deep-water waves},
  journal   = {Journal of Nonlinear Mathematical Physics},
  year      = {2007},
  volume    = {14},
  number    = {1},
  pages     = {1--7},
  publisher = {Taylor \& Francis},
}

@Article{Henry2007,
  author    = {Henry, David},
  title     = {Particle trajectories in linear periodic capillary and capillary--gravity water waves},
  journal   = {Philosophical Transactions of the Royal Society A: Mathematical, Physical and Engineering Sciences},
  year      = {2007},
  volume    = {365},
  number    = {1858},
  pages     = {2241--2251},
  publisher = {The Royal Society London},
}

@Article{henry2006trajectories,
  Title                    = {The trajectories of particles in deep-water Stokes waves},
  Author                   = {Henry, David},
  Journal                  = {International Mathematics Research Notices},
  Year                     = {2006},
  Volume                   = {2006},

  Publisher                = {Oxford University Press}
}

@Article{Herreman2011,
  author    = {Herreman, W. and Lesaffre, P.},
  title     = {Stokes drift dynamos},
  journal   = {Journal of Fluid Mechanics},
  year      = {2011},
  volume    = {679},
  pages     = {32--57},
  publisher = {Cambridge University Press},
}

@Article{hsu2013particle,
  Title                    = {Particle trajectories for waves on a linear shear current},
  Author                   = {Hsu, Hung-Chu},
  Journal                  = {Nonlinear Analysis: Real World Applications},
  Year                     = {2013},
  Number                   = {5},
  Volume                   = {14},

  Publisher                = {Elsevier}
}

@Article{Huang1970,
  author    = {Huang, Norden E.},
  title     = {Discussion of paper by Ming-Shun Chang,“The mass transport in deep-water long-crested random gravity waves”},
  journal   = {Journal of Geophysical Research},
  year      = {1970},
  volume    = {75},
  number    = {12},
  pages     = {2211--2212},
  publisher = {Wiley Online Library},
}

@Article{Isobe2014,
  author    = {Isobe, Atsuhiko and Kubo, Kenta and Tamura, Yuka and Nakashima, Etsuko and Fujii, Naoki and others},
  title     = {Selective transport of microplastics and mesoplastics by drifting in coastal waters},
  journal   = {Marine pollution bulletin},
  year      = {2014},
  volume    = {89},
  number    = {1-2},
  pages     = {324--330},
  publisher = {Elsevier},
}

@Article{Joseph1973,
  author    = {Joseph, Daniel D.},
  title     = {Domain perturbations: the higher order theory of infinitesimal water waves},
  journal   = {Archive for Rational Mechanics and Analysis},
  year      = {1973},
  volume    = {51},
  number    = {4},
  pages     = {295--303},
  publisher = {Springer},
}

@Article{kang1996prediction,
  Title                    = {Prediction of drift in a free surface},
  Author                   = {Kang, Kwan Hyoung and Lee, Choung Mook},
  Journal                  = {Ocean engineering},
  Year                     = {1996},
  Number                   = {3},
  Pages                    = {243--255},
  Volume                   = {23},

  Publisher                = {Elsevier}
}

@Article{Karami2018,
  author    = {Karami, Ali and Golieskardi, Abolfazl and Choo, Cheng Keong and Larat, Vincent and Karbalaei, Samaneh and Salamatinia, Babak},
  title     = {Microplastic and mesoplastic contamination in canned sardines and sprats},
  journal   = {Science of the Total Environment},
  year      = {2018},
  volume    = {612},
  pages     = {1380--1386},
  publisher = {Elsevier},
}

@Article{Kumar2017a,
  author  = {Kumar, Nirnimesh and Feddersen, Falk},
  title   = {The effect of Stokes drift and transient rip currents on the inner shelf. Part I: No stratification},
  journal = {Journal of Physical Oceanography},
  year    = {2017},
  volume  = {47},
  number  = {1},
  pages   = {227--241},
}

@Article{Kumar2017,
  author  = {Kumar, Nirnimesh and Feddersen, Falk},
  title   = {The effect of Stokes drift and transient rip currents on the inner shelf. Part II: With stratification},
  journal = {Journal of Physical Oceanography},
  year    = {2017},
  volume  = {47},
  number  = {1},
  pages   = {243--260},
}

@Book{lamb1993hydrodynamics,
  Title                    = {Hydrodynamics},
  Author                   = {Lamb, Horace},
  Publisher                = {Cambridge university press},
  Year                     = {1993}
}

@Article{law1999wave,
  Title                    = {Wave-induced surface drift of an inextensible thin film},
  Author                   = {Law, Adrian WK},
  Journal                  = {Ocean engineering},
  Year                     = {1999},
  Number                   = {11},
  Pages                    = {1145--1168},
  Volume                   = {26},

  Publisher                = {Elsevier}
}

@Book{LevichEng,
  Title                    = {Физико-химическая Гидродинамика. Physico-chemical Hydrodynamics... Translated by Scripta Technica, Inc. Edited by LE Scriven.},
  Author                   = {Levich, Veniamin Grigorʹevich and SCRIVEN, L. Edward},
  Publisher                = {Englewood Cliffs, NJ},
  Year                     = {1962}
}

@Article{liu1977viscous,
  Title                    = {Viscous attenuation of mean drift in water waves},
  Author                   = {Liu, An-Kuo and Davis, Stephen H.},
  Journal                  = {Journal of Fluid Mechanics},
  Year                     = {1977},
  Number                   = {1},
  Pages                    = {63--84},
  Volume                   = {81},

  Publisher                = {Cambridge University Press}
}

@Article{longuet1969nonlinear,
  Title                    = {A nonlinear mechanism for the generation of sea waves},
  Author                   = {Longuet-Higgins, Michael Selwyn},
  Journal                  = {Proceedings of the Royal Society of London. A. Mathematical and Physical Sciences},
  Year                     = {1969},
  Number                   = {1506},
  Pages                    = {371--389},
  Volume                   = {311},

  Publisher                = {The Royal Society London}
}

@InProceedings{Longuet-Higgins1969,
  author       = {Longuet-Higgins, Michael Selwyn},
  title        = {On the transport of mass by time-varying ocean currents},
  booktitle    = {Deep Sea Research and Oceanographic Abstracts},
  year         = {1969},
  volume       = {16},
  number       = {5},
  pages        = {431--447},
  organization = {Elsevier},
}

@Article{longuet1969wave,
  Title                    = {On wave breaking and the equilibrium spectrum of wind-generated waves},
  Author                   = {Longuet-Higgins, Michael Selwyn},
  Journal                  = {Proceedings of the Royal Society of London. A. Mathematical and Physical Sciences},
  Year                     = {1969},
  Number                   = {1501},
  Pages                    = {151--159},
  Volume                   = {310},

  Publisher                = {The Royal Society London}
}

@Article{Longuet-Higgins1960,
  author    = {Longuet-Higgins, Michael Selwyn},
  title     = {Mass transport in the boundary layer at a free oscillating surface},
  journal   = {Journal of Fluid Mechanics},
  year      = {1960},
  volume    = {8},
  number    = {2},
  pages     = {293--306},
  publisher = {Cambridge University Press},
}

@Article{Longuet-Higgins1953,
  author    = {Longuet-Higgins, Michael Selwyn},
  title     = {Mass transport in water waves},
  journal   = {Philosophical Transactions of the Royal Society of London. Series A, Mathematical and Physical Sciences},
  year      = {1953},
  volume    = {245},
  number    = {903},
  pages     = {535--581},
  publisher = {The Royal Society London},
}

@Article{Lucassen-Reynders1969,
  author  = {Lucassen-Reynders, E.H. and Lucassen, J.},
  journal = {Adv. Colloid Interface Sci.},
  year    = {1969},
  volume  = {2},
  pages   = {347},
}

@Article{madsen1978mass,
  Title                    = {Mass transport in deep-water waves},
  Author                   = {Madsen, Ole Secher},
  Journal                  = {Journal of Physical Oceanography},
  Year                     = {1978},
  Number                   = {6},
  Pages                    = {1009--1015},
  Volume                   = {8}
}

@Article{marin2004eddy,
  Title                    = {Eddy viscosity and Eulerian drift over rippled beds in waves},
  Author                   = {Marin, Fran{\c{c}}ois},
  Journal                  = {Coastal Engineering},
  Year                     = {2004},
  Number                   = {3},
  Pages                    = {139--159},
  Volume                   = {50},

  Publisher                = {Elsevier}
}

@Article{McGoldrick1972,
  author    = {McGoldrick, L.F.},
  title     = {On the rippling of small waves: a harmonic nonlinear nearly resonant interaction},
  journal   = {Journal of Fluid Mechanics},
  year      = {1972},
  volume    = {52},
  number    = {4},
  pages     = {725--751},
  publisher = {Cambridge University Press},
}

@Article{Monismith2007,
  author    = {Monismith, Stephen G.},
  title     = {Hydrodynamics of coral reefs},
  journal   = {Annu. Rev. Fluid Mech.},
  year      = {2007},
  volume    = {39},
  pages     = {37--55},
  publisher = {Annual Reviews},
}

@Article{Nayfeh1971,
  author    = {Nayfeh, Ali Hasan and Hassan, Sayed D.},
  title     = {The method of multiple scales and non-linear dispersive waves},
  journal   = {Journal of Fluid Mechanics},
  year      = {1971},
  volume    = {48},
  number    = {3},
  pages     = {463--475},
  publisher = {Cambridge University Press},
}

@Article{okamoto2012trajectories,
  Title                    = {Trajectories of fluid particles in a periodic water wave},
  Author                   = {Okamoto, Hisashi and Sh{\=o}ji, Mayumi},
  Journal                  = {Philosophical Transactions of the Royal Society A: Mathematical, Physical and Engineering Sciences},
  Year                     = {2012},
  Number                   = {1964},
  Pages                    = {1661--1676},
  Volume                   = {370},

  Publisher                = {The Royal Society Publishing}
}

@Article{piedra1996drift,
  Title                    = {Drift velocity of spatially decaying waves in a two-layer viscous system},
  Author                   = {Piedra-Cueva, Ismael},
  Journal                  = {Oceanographic Literature Review},
  Year                     = {1996},
  Number                   = {43},
  Pages                    = {331},
  Volume                   = {4}
}

@Article{piedra1995drift,
  Title                    = {Drift velocity of spatially decaying waves in a two-layer viscous system},
  Author                   = {Piedra-Cueva, Ismael},
  Journal                  = {Journal of Fluid Mechanics},
  Year                     = {1995},
  Pages                    = {217--239},
  Volume                   = {299},

  Publisher                = {Cambridge University Press}
}

@Article{pierson1962perturbation,
  Title                    = {Perturbation analysis of the Navier-Stokes equations in Lagrangian form with selected linear solutions},
  Author                   = {Pierson Jr., Willard J.},
  Journal                  = {Journal of Geophysical Research},
  Year                     = {1962},
  Number                   = {8},
  Pages                    = {3151--3160},
  Volume                   = {67},

  Publisher                = {Wiley Online Library}
}

@Article{Roehrs2014,
  author    = {R{\"o}hrs, Johannes and Christensen, Kai H{\aa}kon and Vikeb{\o}, Frode and Sundby, Svein and Saetra, {\O}yvind and Brostr{\"o}m, G{\"o}ran},
  title     = {Wave-induced transport and vertical mixing of pelagic eggs and larvae},
  journal   = {Limnology and Oceanography},
  year      = {2014},
  volume    = {59},
  number    = {4},
  pages     = {1213--1227},
  publisher = {Wiley Online Library},
}

@Article{ridler2000effect,
  Title                    = {Effect of bed roughness on time-mean drift induced by waves},
  Author                   = {Ridler, Emma L. and Sleath, John F.A.},
  Journal                  = {Journal of waterway, port, coastal, and ocean engineering},
  Year                     = {2000},
  Number                   = {1},
  Pages                    = {23--29},
  Volume                   = {126},

  Publisher                = {American Society of Civil Engineers}
}

@Article{russell1957experimental,
  Title                    = {An experimental investigation of drift profiles in a closed channel},
  Author                   = {Russell, R.C.H. and Osorio, J.D.C.},
  Journal                  = {Coastal Engineering Proceedings},
  Year                     = {1957},
  Number                   = {6},
  Pages                    = {10},
  Volume                   = {1}
}

@Article{santamaria2013stokes,
  Title                    = {Stokes drift for inertial particles transported by water waves},
  Author                   = {Santamaria, Francesco and Boffetta, Guido and Afonso, M Martins and Mazzino, Andrea and Onorato, Miguel and Pugliese, Diego},
  Journal                  = {EPL (Europhysics Letters)},
  Year                     = {2013},
  Number                   = {1},
  Pages                    = {14003},
  Volume                   = {102},

  Publisher                = {IOP Publishing}
}

@Article{shnirelman2012analyticity,
  Title                    = {On the analyticity of particle trajectories in the ideal incompressible fluid},
  Author                   = {Shnirelman, Alexander},
  Journal                  = {arXiv preprint arXiv:1205.5837},
  Year                     = {2012}
}

@Article{Stokes1847,
  author  = {Stokes, G.G.},
  title   = {On the theory of oscillatory waves},
  journal = {Trans. Camb},
  year    = {1847},
  pages   = {314--326},
}

@Article{Tonks1935,
  author    = {Tonks, Lewi},
  title     = {A theory of liquid surface rupture by a uniform electric field},
  journal   = {Physical Review},
  year      = {1935},
  volume    = {48},
  number    = {6},
  pages     = {562},
  publisher = {APS},
}

@InCollection{tsuchiya1980mass,
  Title                    = {Mass transport in progressive waves of permanent type},
  Author                   = {Tsuchiya, Yoshito and Yasuda, Takashi and Yamashita, Takao},
  Booktitle                = {Coastal Engineering 1980},
  Year                     = {1980},
  Pages                    = {70--81}
}

@Article{umeyama2011measurements,
  Title                    = {Measurements of velocity and trajectory of water particle for internal waves in two density layers},
  Author                   = {Umeyama, Motohiko and Matsuki, Shogo},
  Journal                  = {Geophysical Research Letters},
  Year                     = {2011},
  Number                   = {3},
  Volume                   = {38},

  Publisher                = {Wiley Online Library}
}

@Article{weber1987wave,
  Title                    = {Wave attenuation and wave drift in the marginal ice zone},
  Author                   = {Weber, Jan Erik},
  Journal                  = {Journal of physical oceanography},
  Year                     = {1987},
  Number                   = {12},
  Pages                    = {2351--2361},
  Volume                   = {17}
}

@Article{weber1983attenuated,
  Title                    = {Attenuated wave-induced drift in a viscous rotating ocean},
  Author                   = {Weber, Jan Erik},
  Journal                  = {Journal of Fluid Mechanics},
  Year                     = {1983},
  Pages                    = {115--129},
  Volume                   = {137},

  Publisher                = {Cambridge University Press}
}

@Article{weber1983steady,
  Title                    = {Steady wind-and wave-induced currents in the open ocean},
  Author                   = {Weber, Jan Erik},
  Journal                  = {Journal of Physical Oceanography},
  Year                     = {1983},
  Number                   = {3},
  Pages                    = {524--530},
  Volume                   = {13}
}

@Article{weber1990effect,
  Title                    = {Effect of the air on the drift velocity of water waves},
  Author                   = {Weber, Jan E and F{\o}rland, Even},
  Journal                  = {Journal of Fluid Mechanics},
  Year                     = {1990},
  Pages                    = {619--640},
  Volume                   = {218},

  Publisher                = {Cambridge University Press}
}

@Article{weber1989effect,
  Title                    = {Effect of an Insoluble Surface Film on the Drift Velocity of Capillary--Gravity Waves},
  Author                   = {Weber, Jan Erik and F{\o}rland, Even},
  Journal                  = {Journal of physical oceanography},
  Year                     = {1989},
  Number                   = {7},
  Pages                    = {952--961},
  Volume                   = {19}
}

@Article{weber1993transient,
  Title                    = {Transient ocean currents induced by wind and growing waves},
  Author                   = {Weber, Jan Erik and Melsom, Arne},
  Journal                  = {Journal of physical oceanography},
  Year                     = {1993},
  Number                   = {2},
  Pages                    = {193--206},
  Volume                   = {23}
}

@Article{weber1995effect,
  Title                    = {Effect of film elasticity on the drift velocity of capillary--gravity waves},
  Author                   = {Weber, Jan Erik and Saetra, O/yvind},
  Journal                  = {Physics of Fluids},
  Year                     = {1995},
  Number                   = {2},
  Pages                    = {307--314},
  Volume                   = {7},

  Publisher                = {AIP}
}

@Article{weber2018interfacial,
  Title                    = {An interfacial Gerstner-type trapped wave},
  Author                   = {Weber, Jan Erik H},
  Journal                  = {Wave Motion},
  Year                     = {2018},
  Pages                    = {186--194},
  Volume                   = {77},

  Publisher                = {Elsevier}
}

@Article{weber2006eulerian,
  Title                    = {Eulerian versus Lagrangian approaches to the wave-induced transport in the upper ocean},
  Author                   = {Weber, Jan Erik H. and Brostr{\"o}m, G{\"o}ran and Saetra, {\O}yvind},
  Journal                  = {Journal of Physical oceanography},
  Year                     = {2006},
  Number                   = {11},
  Pages                    = {2106--2118},
  Volume                   = {36}
}

@Article{BelonozhkoMon2006,
  author    = {Белоножко, Дмитрий Федорович and Ширяева, Светлана Олеговна and Григорьев, Александр Иванович},
  title     = {Нелинейные волны на заряженной поверхности жидкости},
  year      = {2006},
  publisher = {Ярославский гос. ун-т им. ПГ Демидова},
}

@Article{Grig1991,
  author  = {Григорьев, А.И. and Ширяева, С.О. and Шевченко, С.И.},
  title   = {ЭГД неустойчивости в дисперсных системах (обзор)},
  journal = {Научное приборостроение},
  year    = {1991},
  volume  = {1},
  number  = {3},
  pages   = {25--43},
}

@Article{Kozhenkov1976,
  author    = {Коженков, Вячеслав Иванович and Фукс, Николай Альбертович},
  title     = {Электрогидродинамическое распыление жидкости},
  journal   = {Успехи химии},
  year      = {1976},
  volume    = {45},
  number    = {12},
  pages     = {2274--2284},
  publisher = {Российская академия наук, Отделение химии и наук о материалах},
}

@Article{Shevchenko1991,
  author  = {Шевченко, С.И. and Григорьев, А.И. and Ширяева, С.О.},
  title   = {ЭГД распыление жидкости (обзор)},
  journal = {Научное приборостроение},
  year    = {1991},
  volume  = {1},
  number  = {4},
  pages   = {3--21},
}


@article{xu1994wave,
  title={Wave-and wind-driven flow in water of finite depth},
  author={Xu, Zhigang and Bowen, AJ},
  journal={Journal of Physical Oceanography},
  volume={24},
  number={9},
  pages={1850--1866},
  year={1994}
}
@article{iskandarani1991mass,
  title={Mass transport in two-dimensional water waves},
  author={Iskandarani, Mohamed and Liu, Philip L-F},
  journal={Journal of Fluid Mechanics},
  volume={231},
  pages={395--415},
  year={1991},
  publisher={Cambridge University Press}
}
@article{iskandarani1991massb,
  title={Mass transport in three-dimensional water waves},
  author={Iskandarani, Mohamed and Liu, Philip L-F},
  journal={Journal of Fluid Mechanics},
  volume={231},
  pages={417--437},
  year={1991},
  publisher={Cambridge University Press}
}
@article{sakakiyama1989mass,
  title={Mass transport velocity in mud layer owing to progressive waves. Report of Coastal Engineering Group},
  author={Sakakiyama, T and Bijker, EW},
  journal={Coastal Engineering Division, Delft University of Technology},
  pages={104},
  year={1989}
}
@article{longuet1979trajectories,
  title={The trajectories of particles in steep, symmetric gravity waves},
  author={Longuet-Higgins, MS},
  journal={Journal of Fluid Mechanics},
  volume={94},
  number={3},
  pages={497--517},
  year={1979},
  publisher={Cambridge University Press}
}
@article{longuet1986eulerian,
  title={Eulerian and Lagrangian aspects of surface waves},
  author={Longuet-Higgins, Michael S},
  journal={Journal of Fluid Mechanics},
  volume={173},
  pages={683--707},
  year={1986},
  publisher={Cambridge University Press}
}

@Misc{LeBlon,
  author    = {Ле, Блон П and Майсек, Л},
  title     = {Волны в океане},
  year      = {1981},
  publisher = {М.: Мир},
}

@Book{LeBlonEng,
  title     = {Waves in the Ocean},
  publisher = {Elsevier},
  year      = {1981},
  author    = {LeBlond, Paul H and Mysak, Lawrence A},
  volume    = {20},
}

@Article{BelonozhkoZHTF,
  author  = {Белоножко, Д. Ф. and Козин, А. В.},
  title   = {О расчете скорости переноса вещества периодическими волнами, распространяющимися по поверхности вязкой жидкости},
  journal = {Журнал технической физики},
  year    = {2010},
  volume  = {80},
  number  = {4},
  pages   = {32--40},
}

@Article{Belonozhko2003,
  author    = {Белоножко, ДФ and Григорьев, АИ},
  title     = {Нелинейные движения вязкой жидкости со свободной поверхностью},
  journal   = {Известия Российской академии наук. Механика жидкости и газа},
  year      = {2003},
  number    = {2},
  pages     = {184--192},
  publisher = {Федеральное государственное бюджетное учреждение" Российская академия наук"},
}

@Article{Belonozhko2003ZHTF,
  author  = {Белоножко, ДФ and Григорьев, АИ},
  title   = {Волны конечной амплитуды на поверхности вязкой глубокой жидкости},
  journal = {Журнал технической физики},
  year    = {2003},
  volume  = {73},
  number  = {4},
  pages   = {28--37},
}

@Article{Belonozhko2004,
  author        = {Белоножко, ДФ and Григорьев, АИ},
  title         = {Нелинейные периодические волны на заряженной поверхности глубокой маловязкой электропроводной жидкости},
  journal       = {Журнал технической физики},
  year          = {2004},
  volume        = {74},
  number        = {3},
  pages         = {5--13},
  __markedentry = {[user:]},
}

@Article{Belonozhko2010,
  author        = {Белоножко, ДФ and Козин, АВ},
  title         = {О расчете скорости переноса вещества периодическими волнами, распространяющимися по поверхности вязкой жидкости},
  journal       = {Журнал технической физики},
  year          = {2010},
  volume        = {80},
  number        = {4},
  __markedentry = {[user:6]},
}

@Book{Nayfeh,
  title     = {Методы возмущений},
  publisher = {М.: Мир},
  year      = {1976},
  author    = {Найфэ, А.Х.},
  volume    = {456},
}

@Article{BelonozhkoPav2004,
  author  = {Белоножко, Д.И. and Григорьев, А.И.},
  title   = {О корректной форме записи закона сохранения количества вещества на движущейся границе раздела двух жидких сред},
  journal = {Журнал технической физики},
  year    = {2004},
  volume  = {74},
  number  = {11},
  pages   = {22--28},
}

@Article{BelonozhkoKozin2009,
  author  = {Белоножко, Дмитрий Федорович and Козин, АВ},
  title   = {О приповерхностном вихревом течении, формирующемся в результате распротранения периодической волны по горизонтальной заряженной поверхности вязкой жидкости},
  journal = {Вестник Ярославского государственного университета им. ПГ Демидова. Серия Естественные и технические науки},
  year    = {2009},
  number  = {1},
  pages   = {11--18},
}

@Comment{jabref-meta: databaseType:bibtex;}
